<?xml version="1.0" encoding="UTF-8"?><record xmlns="http://www.loc.gov/MARC21/slim" xmlns:cinclude="http://apache.org/cocoon/include/1.0" xmlns:zs="http://www.loc.gov/zing/srw/">
  <leader>01606cz  a2200265n  4500</leader>
  <controlfield tag="001">no2013113763</controlfield>
  <controlfield tag="003">DLC</controlfield>
  <controlfield tag="005">20131101073909.0</controlfield>
  <controlfield tag="008">131016n| azannaabn          |a aaa     c</controlfield>
  <datafield tag="010" ind1=" " ind2=" ">
    <subfield code="a">no2013113763</subfield>
  </datafield>
  <datafield tag="035" ind1=" " ind2=" ">
    <subfield code="a">(OCoLC)oca09590997</subfield>
  </datafield>
  <datafield tag="040" ind1=" " ind2=" ">
    <subfield code="a">PSt</subfield>
    <subfield code="b">eng</subfield>
    <subfield code="e">rda</subfield>
    <subfield code="c">PSt</subfield>
    <subfield code="d">IEN</subfield>
  </datafield>
  <datafield tag="046" ind1=" " ind2=" ">
    <subfield code="f">18391228</subfield>
    <subfield code="g">18901206</subfield>
  </datafield>
  <datafield tag="100" ind1="1" ind2=" ">
    <subfield code="a">Smedley, Theo. M.,</subfield>
    <subfield code="d">1839-1890</subfield>
  </datafield>
  <datafield tag="370" ind1=" " ind2=" ">
    <subfield code="a">Columbia (Pa.)</subfield>
    <subfield code="b">Wilmington (Del.)</subfield>
    <subfield code="2">naf</subfield>
  </datafield>
  <datafield tag="373" ind1=" " ind2=" ">
    <subfield code="a">United States. Army. Pennsylvania Infantry Regiment, 97th (1861-1865). Company H</subfield>
  </datafield>
  <datafield tag="375" ind1=" " ind2=" ">
    <subfield code="a">male</subfield>
  </datafield>
  <datafield tag="377" ind1=" " ind2=" ">
    <subfield code="a">eng</subfield>
  </datafield>
  <datafield tag="378" ind1=" " ind2=" ">
    <subfield code="q">Theodore M.</subfield>
  </datafield>
  <datafield tag="400" ind1="1" ind2=" ">
    <subfield code="a">Smedley, Theodore M.,</subfield>
    <subfield code="d">1839-1890</subfield>
  </datafield>
  <datafield tag="670" ind1=" " ind2=" ">
    <subfield code="a">Columbia Bridge burning papers, c2013:</subfield>
    <subfield code="b">photograph verso (Theo.M. Smedley)</subfield>
  </datafield>
  <datafield tag="670" ind1=" " ind2=" ">
    <subfield code="a">Pennsylvanians in the Civil War WWW site, Oct. 14, 2013</subfield>
    <subfield code="b">(Smedley, Theo. M.; Captain, 97th Regt. Co. H; mustered in Feb. 29, 1864; promoted from 1st Sgt. to 1st Lt. Nov. 1, 1864, to Brevet Capt. Mar. 13, 1865 to Capt. Apr. 5, 1865; wounded at Bermuda Hundred, Va., May 20, 1864, and at Ft. Fisher, N.C. on Jan. 15, 1865; mustered out with company on Aug. 28, 1865)</subfield>
  </datafield>
  <datafield tag="670" ind1=" " ind2=" ">
    <subfield code="a">Ancestry.com WWW site, Oct. 14, 2013</subfield>
    <subfield code="b">(Theo. M. Smedley; b. Columbia, Lancaster Co., Pa., 28 Dec. 1839; married Mary A. Hammond (1842-1896); d. Wilmington, Del., 6 Dec. 1890)</subfield>
  </datafield>
  <datafield tag="670" ind1=" " ind2=" ">
    <subfield code="a">Ancestors and Descendents of John Howell, Oregon Pioneer WWW site, Oct. 14, 2013:</subfield>
    <subfield code="b">Theodore M. Smedley (Theodore M. Smedley)</subfield>
  </datafield>
  <datafield tag="670" ind1=" " ind2=" ">
    <subfield code="a">History of the ninety-seventh regiment, Pennsylvania volunteer infantry during the War of the Rebellion, 1861-1865, 1875:</subfield>
    <subfield code="b">p. 537 (Theodore M. Smedley, miller, West Bradford, [Pa.])</subfield>
  </datafield>
</record>